<record><leader>00000cas a2200000 a 4500</leader><controlfield tag="001">12793741</controlfield><controlfield tag="008">851114d19151924ksuwr ne      0    0eng d</controlfield><datafield ind1=" " ind2=" " tag="010"><subfield code="a">sn 85067104 </subfield></datafield><datafield ind1=" " ind2=" " tag="040"><subfield code="a">KSH</subfield><subfield code="b">eng</subfield><subfield code="c">KSH</subfield><subfield code="d">NPT</subfield><subfield code="d">OCL</subfield><subfield code="d">OCLCQ</subfield></datafield><datafield ind1=" " ind2=" " tag="042"><subfield code="a">msc</subfield></datafield><datafield ind1="0" ind2="4" tag="245"><subfield code="a">The Kansas trades unionist.</subfield></datafield><datafield ind1="1" ind2="3" tag="246"><subfield code="a">Kansas unionist</subfield><subfield code="f">Nov. 7-Dec. 12, 1924</subfield></datafield><datafield ind1=" " ind2=" " tag="260"><subfield code="a">Topeka, Kan. :</subfield><subfield code="b">Frank B. Brown,</subfield><subfield code="c">1915-1924.</subfield></datafield><datafield ind1=" " ind2=" " tag="300"><subfield code="a">8 v. :</subfield><subfield code="b">ill. ;</subfield><subfield code="c">50-57 cm.</subfield></datafield><datafield ind1=" " ind2=" " tag="310"><subfield code="a">Weekly</subfield></datafield><datafield ind1="0" ind2=" " tag="362"><subfield code="a">Vol. 12, no. 47 (Oct. 29, 1915)-v. 19, no. 4 (Dec. 12, 1924).</subfield></datafield><datafield ind1=" " ind2=" " tag="500"><subfield code="a">Published by Merit Printing Co., June 6-Dec. 12, 1924.</subfield></datafield><datafield ind1=" " ind2=" " tag="752"><subfield code="a">United States</subfield><subfield code="b">Kansas</subfield><subfield code="c">Shawnee</subfield><subfield code="d">Topeka.</subfield></datafield><datafield ind1="0" ind2="0" tag="780"><subfield code="t">Oakland blade</subfield><subfield code="w">(DLC)sn 85032039</subfield></datafield><datafield ind1="0" ind2="7" tag="785"><subfield code="t">Democrat news</subfield><subfield code="w">(DLC)sn 85067038</subfield></datafield><datafield ind1="0" ind2="7" tag="785"><subfield code="t">Kansas State news</subfield><subfield code="w">(DLC)sn 85067039</subfield></datafield><datafield ind1="1" ind2=" " tag="029"><subfield code="a">AU@</subfield><subfield code="b">000022171028</subfield></datafield></record>